<?xml version="1.0" encoding="UTF-8"?>
<record xmlns="http://www.loc.gov/MARC21/slim" xmlns:xsi="http://www.w3.org/2001/XMLSchema-instance" xsi:schemaLocation="http://www.loc.gov/MARC21/slim http://www.loc.gov/standards/marcxml/schema/MARC21slim.xsd">
<leader>     cam a2200301 a 4500</leader>
<controlfield tag="001">001686549</controlfield>
<controlfield tag="003">NNU</controlfield>
<controlfield tag="005">20061010173332.0</controlfield>
<controlfield tag="008">000823s1910    ua a     b    001 0 ara d</controlfield>
<datafield tag="035" ind1="9" ind2=" ">
<subfield code="a">NYUb12229992</subfield>
</datafield>
<datafield tag="035" ind1=" " ind2=" ">
<subfield code="a">(NNU)NYUb12229992</subfield>
</datafield>
<datafield tag="040" ind1=" " ind2=" ">
<subfield code="a">NNYU</subfield>
<subfield code="c">NNYU</subfield>
<subfield code="d">MH</subfield>
<subfield code="d">CStRLIN</subfield>
<subfield code="d">UaCaAUL</subfield>
</datafield>
<datafield tag="050" ind1=" " ind2="4">
<subfield code="a">BP191</subfield>
<subfield code="b">.I2 1910</subfield>
</datafield>
<datafield tag="066" ind1=" " ind2=" ">
<subfield code="c">(3</subfield>
</datafield>
<datafield tag="090" ind1=" " ind2=" ">
<subfield code="a">BP191</subfield>
<subfield code="b">.I2 1910</subfield>
</datafield>
<datafield tag="100" ind1="1" ind2=" ">
<subfield code="a">Ibn Ṭāhir al-Baghdādī, ʻAbd al-Qāhir,</subfield>
<subfield code="d">d. 1037</subfield>
<subfield code="6">880-01</subfield>
</datafield>
<datafield tag="240" ind1="1" ind2="0">
<subfield code="6">880-02</subfield>
<subfield code="a">Farq bayna al-firaq</subfield>
</datafield>
<datafield tag="245" ind1="1" ind2="0">
<subfield code="6">880-03</subfield>
<subfield code="a">Kitāb al-farq bayna al-firaq :</subfield>
<subfield code="b">wa-bayān al-firqah al-nājiyah minhum /</subfield>
<subfield code="c">allafahu Abū Manṣūr ʻAbd al-Qāhir ibn Ṭāhir ibn Muḥammad al-Baghdādī ; waqafa ʻalá ṭabʻihi wa-ḍabṭihi wa-taʻlīq ḥawāshīhi Muḥammad Badr.</subfield>
</datafield>
<datafield tag="260" ind1=" " ind2=" ">
<subfield code="6">880-04</subfield>
<subfield code="a">Miṣr :</subfield>
<subfield code="b">Maṭbaʻat al-Maʻārif,</subfield>
<subfield code="c">1328 [1910]</subfield>
</datafield>
<datafield tag="300" ind1=" " ind2=" ">
<subfield code="a">31, 355 p. :</subfield>
<subfield code="b">ill. ;</subfield>
<subfield code="c">25 cm.</subfield>
</datafield>
<datafield tag="504" ind1=" " ind2=" ">
<subfield code="a">Includes bibliographical references and index.</subfield>
</datafield>
<datafield tag="650" ind1=" " ind2="0">
<subfield code="a">Islamic sects.</subfield>
</datafield>
<datafield tag="700" ind1="1" ind2=" ">
<subfield code="a">Badr, Muḥammad</subfield>
<subfield code="6">880-05</subfield>
</datafield>
<datafield tag="880" ind1="1" ind2=" ">
<subfield code="6">100-01/</subfield>
<subfield code="a">ابن طاهر البغدادي، عبد القاهر،</subfield>
<subfield code="d">ت. 1037.</subfield>
</datafield>
<datafield tag="880" ind1="1" ind2="2">
<subfield code="6">240-02/</subfield>
<subfield code="a">فرق بين الفرق</subfield>
</datafield>
<datafield tag="880" ind1="1" ind2="0">
<subfield code="6">245-03/</subfield>
<subfield code="a">كتاب الفرق بين الفرق :</subfield>
<subfield code="b">وبيان الفرقة الناجية منهم /</subfield>
<subfield code="c">ألفه أبو منصور عبد القاهر بن طاهر بن محمد البغدادي ؛ وقف على طبعه وضبطه وتعليق حواشيه محمد بدر.</subfield>
</datafield>
<datafield tag="880" ind1=" " ind2=" ">
<subfield code="6">260-04/</subfield>
<subfield code="a">مصر :</subfield>
<subfield code="b">مطبعة المعارف،</subfield>
<subfield code="c">1328 ]1910[</subfield>
</datafield>
<datafield tag="880" ind1="1" ind2=" ">
<subfield code="6">700-05/</subfield>
<subfield code="a">بدر، محمد.</subfield>
</datafield>
<datafield tag="OWN" ind1=" " ind2=" ">
<subfield code="a">GENERAL</subfield>
</datafield>
<datafield tag="998" ind1=" " ind2=" ">
<subfield code="a">20010429</subfield>
<subfield code="d">20010429</subfield>
<subfield code="d">20010515</subfield>
<subfield code="n">NNU</subfield>
<subfield code="s">6</subfield>
<subfield code="t">c</subfield>
<subfield code="z">p</subfield>
</datafield>
<datafield tag="AVA" ind1=" " ind2=" ">
<subfield code="a">NYU50</subfield>
<subfield code="b">BOBST</subfield>
<subfield code="c">Main Collection</subfield>
<subfield code="d">BP191 .I2 1910</subfield>
<subfield code="e">unavailable</subfield>
<subfield code="t">Unavailable</subfield>
<subfield code="f">1</subfield>
<subfield code="g">1</subfield>
<subfield code="h">N</subfield>
<subfield code="i">1</subfield>
<subfield code="j">MAIN</subfield>
<subfield code="k">0</subfield>
</datafield>
</record>
